@article{shindou2013topological,
  title={Topological chiral magnonic edge mode in a magnonic crystal},
  author={Shindou, Ryuichi and Matsumoto, Ryo and Murakami, Shuichi and Ohe, Jun-ichiro},
  journal={Physical Review B},
  volume={87},
  number={17},
  pages={174427},
  year={2013},
  publisher={APS}
}
@article{avron1983homotopy,
  title={Homotopy and quantization in condensed matter physics},
  author={Avron, Joseph E and Seiler, Ruedi and Simon, Barry},
  journal={Physical review letters},
  volume={51},
  number={1},
  pages={51},
  year={1983},
  publisher={APS}
}
@article{smrcka1977transport,
  title={Transport coefficients in strong magnetic fields},
  author={Smrcka, L and Streda, P},
  journal={Journal of Physics C: Solid State Physics},
  volume={10},
  number={12},
  pages={2153},
  year={1977},
  publisher={IOP Publishing}
}
@book{kubo2012statistical,
  title={Statistical physics II: nonequilibrium statistical mechanics},
  author={Kubo, Ryogo and Toda, Morikazu and Hashitsume, Natsuki},
  volume={31},
  year={2012},
  publisher={Springer Science \& Business Media}
}
@article{watanabe2019proof,
  title={A proof of the Bloch theorem for lattice models},
  author={Watanabe, Haruki},
  journal={arXiv preprint arXiv:1904.02700},
  year={2019}
}
@article{matsumoto2014thermal,
  title={Thermal Hall effect of magnons in magnets with dipolar interaction},
  author={Matsumoto, Ryo and Shindou, Ryuichi and Murakami, Shuichi},
  journal={Physical Review B},
  volume={89},
  number={5},
  pages={054420},
  year={2014},
  publisher={APS}
}
@article{colpa1978diagonalization,
  title={Diagonalization of the quadratic boson Hamiltonian},
  author={Colpa, JHP},
  journal={Physica A: Statistical Mechanics and its Applications},
  volume={93},
  number={3-4},
  pages={327--353},
  year={1978},
  publisher={Elsevier}
}
@article{van1980note,
  title={A note on the diagonalization of quadratic boson and fermion hamiltonians},
  author={Van Hemmen, JL},
  journal={Zeitschrift f{\"u}r Physik B Condensed Matter},
  volume={38},
  number={3},
  pages={271--277},
  year={1980},
  publisher={Springer}
}
@article{streda1982theory,
  title={Theory of quantised Hall conductivity in two dimensions},
  author={Streda, P},
  journal={Journal of Physics C: Solid State Physics},
  volume={15},
  number={22},
  pages={L717},
  year={1982},
  publisher={IOP Publishing}
}
@book{auerbach2012interacting,
  title={Interacting electrons and quantum magnetism},
  author={Auerbach, Assa},
  year={2012},
  publisher={Springer Science \& Business Media}
}
@article{wright2015diracq,
  title={DiracQ: A Package for Algebraic Manipulation of Non-Commuting Quantum Variables},
  author={Wright, John G and Shastry, B Sriram},
  journal={Journal of Open Research Software},
  volume={3},
  number={1},
  year={2015},
  publisher={Ubiquity Press}
}
@book{turaev2017monoidal,
  title={Monoidal categories and topological field theory},
  author={Turaev, Vladimir G and Virelizier, Alexis},
  volume={322},
  year={2017},
  publisher={Springer}
}
@book{sugano2012multiplets,
  title={Multiplets of transition-metal ions in crystals},
  author={Sugano, Satoru},
  year={2012},
  publisher={Elsevier}
}
@book{patrik1999lecture,
  title={Lecture notes on electron correlation and magnetism},
  author={Patrik, Fazekas},
  year={1999},
  publisher={World scientific}
}
@misc{You-Kitaev,
  title={Mathematica Notes on the Realization of Kiteav Model},
  author={Everett, You},
  year={2015}
}
@article{coury2016hubbard,
  title={Hubbard-like Hamiltonians for interacting electrons in s, p, and d orbitals},
  author={Coury, MEA and Dudarev, SL and Foulkes, WMC and Horsfield, AP and Ma, Pui-Wai and Spencer, JS},
  journal={Physical Review B},
  volume={93},
  number={7},
  pages={075101},
  year={2016},
  publisher={APS}
}
@article{castellani1978magnetic,
  title={Magnetic structure of V 2 O 3 in the insulating phase},
  author={Castellani, C and Natoli, CR and Ranninger, J},
  journal={Physical Review B},
  volume={18},
  number={9},
  pages={4945},
  year={1978},
  publisher={APS}
}
@article{liu2018pseudospin,
  title={Pseudospin exchange interactions in d 7 cobalt compounds: Possible realization of the Kitaev model},
  author={Liu, Huimei and Khaliullin, Giniyat},
  journal={Physical Review B},
  volume={97},
  number={1},
  pages={014407},
  year={2018},
  publisher={APS}
}
@article{slater1954simplified,
  title={Simplified LCAO method for the periodic potential problem},
  author={Slater, John C and Koster, George F},
  journal={Physical Review},
  volume={94},
  number={6},
  pages={1498},
  year={1954},
  publisher={APS}
}
@article{sano2018kitaev,
  title={Kitaev-Heisenberg Hamiltonian for high-spin d 7 Mott insulators},
  author={Sano, Ryoya and Kato, Yasuyuki and Motome, Yukitoshi},
  journal={Physical Review B},
  volume={97},
  number={1},
  pages={014408},
  year={2018},
  publisher={APS}
}
@article{jackeli2009mott,
  title={Mott insulators in the strong spin-orbit coupling limit: from Heisenberg to a quantum compass and Kitaev models},
  author={Jackeli, G and Khaliullin, G},
  journal={Physical review letters},
  volume={102},
  number={1},
  pages={017205},
  year={2009},
  publisher={APS}
}
@article{rau2014generic,
  title={Generic spin model for the honeycomb iridates beyond the Kitaev limit},
  author={Rau, Jeffrey G and Lee, Eric Kin-Ho and Kee, Hae-Young},
  journal={Physical review letters},
  volume={112},
  number={7},
  pages={077204},
  year={2014},
  publisher={APS}
}
@article{kitaev2001unpaired,
  title={Unpaired Majorana fermions in quantum wires},
  author={Kitaev, A Yu},
  journal={Physics-Uspekhi},
  volume={44},
  number={10S},
  pages={131},
  year={2001},
  publisher={IOP Publishing}
}
@article{alicea2012new,
  title={New directions in the pursuit of Majorana fermions in solid state systems},
  author={Alicea, Jason},
  journal={Reports on progress in physics},
  volume={75},
  number={7},
  pages={076501},
  year={2012},
  publisher={IOP Publishing}
}
@article{stone2012gravitational,
  title={Gravitational anomalies and thermal Hall effect in topological insulators},
  author={Stone, Michael},
  journal={Physical Review B},
  volume={85},
  number={18},
  pages={184503},
  year={2012},
  publisher={APS}
}
@article{watanabe2018insensitivity,
  title={Insensitivity of bulk properties to the twisted boundary condition},
  author={Watanabe, Haruki},
  journal={Physical Review B},
  volume={98},
  number={15},
  pages={155137},
  year={2018},
  publisher={APS}
}
@article{geracie2015spacetime,
  title={Spacetime symmetries of the quantum Hall effect},
  author={Geracie, Michael and Son, Dam Thanh and Wu, Chaolun and Wu, Shao-Feng},
  journal={Physical Review D},
  volume={91},
  number={4},
  pages={045030},
  year={2015},
  publisher={APS}
}
@article{ono2019difficulties,
  title={Difficulties in operator-based formulation of the bulk quadrupole moment},
  author={Ono, Seishiro and Trifunovic, Luka and Watanabe, Haruki},
  journal={arXiv preprint arXiv:1902.07508},
  year={2019}
}
@article{hoyos2012hall,
  title={Hall viscosity and electromagnetic response},
  author={Hoyos, Carlos and Son, Dam Thanh},
  journal={Physical review letters},
  volume={108},
  number={6},
  pages={066805},
  year={2012},
  publisher={APS}
}
@article{dubovsky2012effective,
  title={Effective field theory for hydrodynamics: thermodynamics, and the derivative expansion},
  author={Dubovsky, Sergei and Hui, Lam and Nicolis, Alberto and Son, Dam Thanh},
  journal={Physical Review D},
  volume={85},
  number={8},
  pages={085029},
  year={2012},
  publisher={APS}
}
@article{kane1997quantized,
  title={Quantized thermal transport in the fractional quantum Hall effect},
  author={Kane, CL and Fisher, Matthew PA},
  journal={Physical Review B},
  volume={55},
  number={23},
  pages={15832},
  year={1997},
  publisher={APS}
}
@article{oshikawa2000commensurability,
  title={Commensurability, excitation gap, and topology in quantum many-particle systems on a periodic lattice},
  author={Oshikawa, Masaki},
  journal={Physical review letters},
  volume={84},
  number={7},
  pages={1535},
  year={2000},
  publisher={APS}
}
@article{hastings2004locality,
  title={Locality in quantum and Markov dynamics on lattices and networks},
  author={Hastings, Matthew B},
  journal={Physical review letters},
  volume={93},
  number={14},
  pages={140402},
  year={2004},
  publisher={APS}
}
@article{nachtergaele2007multi,
  title={A multi-dimensional Lieb-Schultz-Mattis theorem},
  author={Nachtergaele, Bruno and Sims, Robert},
  journal={Communications in Mathematical Physics},
  volume={276},
  number={2},
  pages={437--472},
  year={2007},
  publisher={Springer}
}
@incollection{lieb1972finite,
  title={The finite group velocity of quantum spin systems},
  author={Lieb, Elliott H and Robinson, Derek W},
  booktitle={Statistical mechanics},
  pages={425--431},
  year={1972},
  publisher={Springer}
}
@article{lieb1961two,
  title={Two soluble models of an antiferromagnetic chain},
  author={Lieb, Elliott and Schultz, Theodore and Mattis, Daniel},
  journal={Annals of Physics},
  volume={16},
  number={3},
  pages={407--466},
  year={1961},
  publisher={Elsevier}
}
@article{hastings2004lieb,
  title={Lieb-Schultz-Mattis in higher dimensions},
  author={Hastings, Matthew B},
  journal={Physical review b},
  volume={69},
  number={10},
  pages={104431},
  year={2004},
  publisher={APS}
}
@book{sachdev2011quantum,
  title={Quantum Phase Transitions},
  author={Sachdev, Subir},
  year={2011},
  publisher={Cambridge University Press}
}
@article{bohm1949note,
  title={Note on a theorem of Bloch concerning possible causes of superconductivity},
  author={Bohm, David},
  journal={Physical Review},
  volume={75},
  number={3},
  pages={502},
  year={1949},
  publisher={APS}
}
@article{luttinger1964theory,
  title={Theory of thermal transport coefficients},
  author={Luttinger, JM},
  journal={Physical Review},
  volume={135},
  number={6A},
  pages={A1505},
  year={1964},
  publisher={APS}
}
@article{qin2011energy,
  title={Energy magnetization and the thermal hall effect},
  author={Qin, Tao and Niu, Qian and Shi, Junren},
  journal={Physical review letters},
  volume={107},
  number={23},
  pages={236601},
  year={2011},
  publisher={APS}
}
@article{cooper1997thermoelectric,
  title={Thermoelectric response of an interacting two-dimensional electron gas in a quantizing magnetic field},
  author={Cooper, NR and Halperin, BI and Ruzin, IM},
  journal={Physical Review B},
  volume={55},
  number={4},
  pages={2344},
  year={1997},
  publisher={APS}
}
@article{Halstings2010locality,
  title={Locality in Quantum Systems},
  author={Hastings, Matthew B},
  journal={arXiv preprint arXiv:1008.5137},
  year={2010}
}
@article{kapustin2019absence,
  title={The absence of energy currents in an equilibrium state and chiral anomalies},
  author={Kapustin, Anton and Spodyneiko, Lev},
  journal={arXiv preprint arXiv:1904.05491},
  year={2019}
}
@article{son2015composite,
  title={Is the composite fermion a Dirac particle?},
  author={Son, Dam Thanh},
  journal={Physical Review X},
  volume={5},
  number={3},
  pages={031027},
  year={2015},
  publisher={APS}
}
@article{lee1989anyon,
  title={Anyon superconductivity and the fractional quantum Hall effect},
  author={Lee, Dung-Hai and Fisher, Matthew PA},
  journal={Physical review letters},
  volume={63},
  number={8},
  pages={903},
  year={1989},
  publisher={APS}
}
@article{wang2015dual,
  title={Dual Dirac liquid on the surface of the electron topological insulator},
  author={Wang, Chong and Senthil, T},
  journal={Physical Review X},
  volume={5},
  number={4},
  pages={041031},
  year={2015},
  publisher={APS}
}
@article{seiberg2016duality,
  title={A duality web in 2+ 1 dimensions and condensed matter physics},
  author={Seiberg, Nathan and Senthil, T and Wang, Chong and Witten, Edward},
  journal={Annals of Physics},
  volume={374},
  pages={395--433},
  year={2016},
  publisher={Elsevier}
}
@article{karch2016particle,
  title={Particle-vortex duality from 3d bosonization},
  author={Karch, Andreas and Tong, David},
  journal={Physical Review X},
  volume={6},
  number={3},
  pages={031043},
  year={2016},
  publisher={APS}
}
@article{affleck1986universal,
  title={Universal term in the free energy at a critical point and the conformal anomaly},
  author={Affleck, Ian},
  journal={Physical Review Letters},
  volume={56},
  number={7},
  pages={746},
  year={1986},
  publisher={APS}
}
@article{watanabe2019proof,
  title={A proof of the Bloch theorem for lattice models},
  author={Watanabe, Haruki},
  journal={arXiv preprint arXiv:1904.02700},
  year={2019}
}
@article{kapustin2019thermal,
  title={Thermal Hall conductance and a relative topological invariant of gapped two-dimensional systems},
  author={Kapustin, Anton and Spodyneiko, Lev},
  journal={arXiv preprint arXiv:1905.06488},
  year={2019}
}
@article{hansson2017quantum,
  title={Quantum Hall physics: Hierarchies and conformal field theory techniques},
  author={Hansson, Thors Hans and Hermanns, Maria and Simon, Steven H and Viefers, Susanne F},
  journal={Reviews of Modern Physics},
  volume={89},
  number={2},
  pages={025005},
  year={2017},
  publisher={APS}
}
@book{wen2004quantum,
  title={Quantum field theory of many-body systems: from the origin of sound to an origin of light and electrons},
  author={Wen, Xiao-Gang},
  year={2004},
  publisher={Oxford University Press on Demand}
}
@book{tsvelik2007quantum,
  title={Quantum field theory in condensed matter physics},
  author={Tsvelik, Alexei M},
  year={2007},
  publisher={Cambridge university press}
}
@book{fradkin2013field,
  title={Field theories of condensed matter physics},
  author={Fradkin, Eduardo},
  year={2013},
  publisher={Cambridge University Press}
}
@misc{Senthilslides,
  title={Duality in Condensed Matter},
  author={Senthil, Tordadri},
  year={2017}
}
@misc{FradkinCFT,
  title={Advanced Field Theory: Conformal Field Theory},
  author={Fradkin, Eduro},
  year={2019}
}
@misc{FradkinTQFT,
  title={Advanced Field Theory: Topological Field Theory},
  author={Fradkin, Eduro},
  year={2019}
}
@misc{Sachdev-Z2Duality,
  title={Teaching Notes: Duality of $\mathbb{Z}_2$ gauge theory and quantum Ising model},
  author={Sachdev, Subir},
  year={2018}
}
@misc{Sachdev-XYDuality,
  title={Teaching Notes: XY model: Particle-Vortex Duality},
  author={Sachdev, Subir},
  year={2018}
}
@misc{Sachdev-Z2Gauge,
  title={Teaching Notes: $\mathbb{Z}_2$ Gauge Theory},
  author={Sachdev, Subir},
  year={2018}
}
@misc{FradkinRG,
  title={Advanced Field Thoery: The Renormalization Group},
  author={Fradkin, Eduro},
  year={2019}
}
@article{witten2015three,
  title={Three lectures on topological phases of matter},
  author={Witten, Edward},
  journal={arXiv preprint arXiv:1510.07698},
  year={2015}
}
@article{kitaev2006anyons,
  title={Anyons in an exactly solved model and beyond},
  author={Kitaev, Alexei},
  journal={Annals of Physics},
  volume={321},
  number={1},
  pages={2--111},
  year={2006},
  publisher={Elsevier}
}
@article{fruchart2013introduction,
  title={An Introduction to Topological Insulators},
  author={Fruchart, Michel and Carpentier, David},
  journal={arXiv preprint arXiv:1310.0255},
  year={2013}
}
@book{bernevig2013topological,
  title={Topological insulators and topological superconductors},
  author={Bernevig, B Andrei and Hughes, Taylor L},
  year={2013},
  publisher={Princeton university press}
}
@article{senthil2004deconfined,
  title={Deconfined quantum critical points},
  author={Senthil, T and Vishwanath, Ashvin and Balents, Leon and Sachdev, Subir and Fisher, Matthew PA},
  journal={Science},
  volume={303},
  number={5663},
  pages={1490--1494},
  year={2004},
  publisher={American Association for the Advancement of Science}
}
@article{sandvik2007evidence,
  title={Evidence for deconfined quantum criticality in a two-dimensional Heisenberg model with four-spin interactions},
  author={Sandvik, Anders W},
  journal={Physical review letters},
  volume={98},
  number={22},
  pages={227202},
  year={2007},
  publisher={APS}
}
@article{kogut1979introduction,
  title={An introduction to lattice gauge theory and spin systems},
  author={Kogut, John B},
  journal={Reviews of Modern Physics},
  volume={51},
  number={4},
  pages={659},
  year={1979},
  publisher={APS}
}
@article{savit1980duality,
  title={Duality in field theory and statistical systems},
  author={Savit, Robert},
  journal={Reviews of Modern Physics},
  volume={52},
  number={2},
  pages={453},
  year={1980},
  publisher={APS}
}
@book{wilczek1990fractional,
  title={Fractional statistics and anyon superconductivity},
  author={Wilczek, Frank},
  volume={5},
  year={1990},
  publisher={World scientific}
}
@article{xiao2006berry,
  title={Berry-phase effect in anomalous thermoelectric transport},
  author={Xiao, Di and Yao, Yugui and Fang, Zhong and Niu, Qian},
  journal={Physical review letters},
  volume={97},
  number={2},
  pages={026603},
  year={2006},
  publisher={APS}
}
@article{sodemann2015quantum,
  title={Quantum nonlinear Hall effect induced by Berry curvature dipole in time-reversal invariant materials},
  author={Sodemann, Inti and Fu, Liang},
  journal={Physical review letters},
  volume={115},
  number={21},
  pages={216806},
  year={2015},
  publisher={APS}
}
@article{gromov2015thermal,
  title={Thermal Hall effect and geometry with torsion},
  author={Gromov, Andrey and Abanov, Alexander G},
  journal={Physical review letters},
  volume={114},
  number={1},
  pages={016802},
  year={2015},
  publisher={APS}
}
@article{bradlyn2015low,
  title={Low-energy effective theory in the bulk for transport in a topological phase},
  author={Bradlyn, Barry and Read, N},
  journal={Physical Review B},
  volume={91},
  number={12},
  pages={125303},
  year={2015},
  publisher={APS}
}