@article{jain1989composite,
  title={Composite-fermion approach for the fractional quantum Hall effect},
  author={Jain, Jainendra K},
  journal={Physical review letters},
  volume={63},
  number={2},
  pages={199},
  year={1989},
  publisher={APS}
}
@article{jain1990theory,
  title={Theory of the fractional quantum Hall effect},
  author={Jain, JK},
  journal={Physical Review B},
  volume={41},
  number={11},
  pages={7653},
  year={1990},
  publisher={APS}
}
@article{girvin1986magneto,
  title={Magneto-roton theory of collective excitations in the fractional quantum Hall effect},
  author={Girvin, SM and MacDonald, AH and Platzman, PM},
  journal={Physical Review B},
  volume={33},
  number={4},
  pages={2481},
  year={1986},
  publisher={APS}
}
@article{murthy2003hamiltonian,
  title={Hamiltonian theories of the fractional quantum Hall effect},
  author={Murthy, Ganpathy and Shankar, R},
  journal={Reviews of Modern Physics},
  volume={75},
  number={4},
  pages={1101},
  year={2003},
  publisher={APS}
}
@article{laughlin1983anomalous,
  title={Anomalous quantum Hall effect: an incompressible quantum fluid with fractionally charged excitations},
  author={Laughlin, Robert B},
  journal={Physical Review Letters},
  volume={50},
  number={18},
  pages={1395},
  year={1983},
  publisher={APS}
}
