@book{forster2018hydrodynamic,
  title={Hydrodynamic fluctuations, broken symmetry, and correlation functions},
  author={Forster, Dieter},
  year={2018},
  publisher={CRC Press}
}
@article{kubo1957statistical,
  title={Statistical-mechanical theory of irreversible processes. I. General theory and simple applications to magnetic and conduction problems},
  author={Kubo, Ryogo},
  journal={Journal of the Physical Society of Japan},
  volume={12},
  number={6},
  pages={570--586},
  year={1957},
  publisher={The Physical Society of Japan}
}
@article{kadanoff1963hydrodynamic,
  title={Hydrodynamic equations and correlation functions},
  author={Kadanoff, Leo P and Martin, Paul C},
  journal={Annals of Physics},
  volume={24},
  pages={419--469},
  year={1963},
  publisher={Elsevier}
}

@article{onsager1931reciprocal,
  title={Reciprocal relations in irreversible processes. I.},
  author={Onsager, Lars},
  journal={Physical review},
  volume={37},
  number={4},
  pages={405},
  year={1931},
  publisher={APS}
}
@article{geracie2015spacetime,
  title={Spacetime symmetries of the quantum Hall effect},
  author={Geracie, Michael and Son, Dam Thanh and Wu, Chaolun and Wu, Shao-Feng},
  journal={Physical Review D},
  volume={91},
  number={4},
  pages={045030},
  year={2015},
  publisher={APS}
}
@article{son2013newton,
  title={Newton-Cartan geometry and the quantum Hall effect},
  author={Son, Dam Thanh},
  journal={arXiv preprint arXiv:1306.0638},
  year={2013}
}
@article{hoyos2012hall,
  title={Hall viscosity and electromagnetic response},
  author={Hoyos, Carlos and Son, Dam Thanh},
  journal={Physical review letters},
  volume={108},
  number={6},
  pages={066805},
  year={2012},
  publisher={APS}
}
@article{geracie2015hydrodynamics,
  title={Hydrodynamics on the lowest Landau level},
  author={Geracie, Michael and Son, Dam Thanh},
  journal={Journal of High Energy Physics},
  volume={2015},
  number={6},
  pages={44},
  year={2015},
  publisher={Springer}
}
@article{kovtun2012lectures,
  title={Lectures on hydrodynamic fluctuations in relativistic theories},
  author={Kovtun, Pavel},
  journal={Journal of Physics A: Mathematical and Theoretical},
  volume={45},
  number={47},
  pages={473001},
  year={2012},
  publisher={IOP Publishing}
}
@book{chaikin2000principles,
  title={Principles of condensed matter physics},
  author={Chaikin, Paul M and Lubensky, Tom C},
  volume={1},
  year={2000},
  publisher={Cambridge university press Cambridge}
}
@article{damle1997nonzero,
  title={Nonzero-temperature transport near quantum critical points},
  author={Damle, Kedar and Sachdev, Subir},
  journal={Physical Review B},
  volume={56},
  number={14},
  pages={8714},
  year={1997},
  publisher={APS}
}
@article{hohenberg1977theory,
  title={Theory of dynamic critical phenomena},
  author={Hohenberg, Pierre C and Halperin, Bertrand I},
  journal={Reviews of Modern Physics},
  volume={49},
  number={3},
  pages={435},
  year={1977},
  publisher={APS}
}
@article{halperin1969hydrodynamic,
  title={Hydrodynamic theory of spin waves},
  author={Halperin, BI and Hohenberg, PC},
  journal={Physical Review},
  volume={188},
  number={2},
  pages={898},
  year={1969},
  publisher={APS}
}
@article{hartnoll2007theory,
  title={Theory of the Nernst effect near quantum phase transitions in condensed matter and in dyonic black holes},
  author={Hartnoll, Sean A and Kovtun, Pavel K and M{\"u}ller, Markus and Sachdev, Subir},
  journal={Physical Review B},
  volume={76},
  number={14},
  pages={144502},
  year={2007},
  publisher={APS}
}
@article{herzog2009lectures,
  title={Lectures on holographic superfluidity and superconductivity},
  author={Herzog, Christopher P},
  journal={Journal of Physics A: Mathematical and Theoretical},
  volume={42},
  number={34},
  pages={343001},
  year={2009},
  publisher={IOP Publishing}
}
@article{lindgren2015holographic,
  title={Holographic Hall conductivities from dyonic backgrounds},
  author={Lindgren, Jonathan and Papadimitriou, Ioannis and Taliotis, Anastasios and Vanhoof, Joris},
  journal={Journal of High Energy Physics},
  volume={2015},
  number={7},
  pages={94},
  year={2015},
  publisher={Springer}
}